@online{ADA,
    title = "BCR lansează chatbot-ul \texttt{ADA}",
    author = "Cătălin Ioniță",
    url = "https://www.bcr.ro/ro/presa/informatii-de-presa/2022/04/14/BCR-lanseaza-chatbot-ul-ADA-primul-asistent-virtual-care-poate-oferi-suport-rapid-si-informatii-personalizate-atat-pentru-persoane-fizice-cat-si-solutii-de-finantare-pentru-companii",
    addendum = "accesat: 20.02.2023"
}

@online{benefits-of-cloud-computing,
    title = "Importance of \texttt{Cloud Computing} in 2020",
    author = "Ajay Ohri",
    url = "https://u-next.com/blogs/cloud-computing/importance-of-cloud-computing/",
    addendum = "accesat: 27.02.2023"
}

@online{first-chatbot,
    title = "Cum ajută asistenții virtuali activitatea băncilor: experiența BT, care a fost prima bancă din România ce a lansat un chatbot pentru clienți",
    author = "Ion Surdu",
    url = "https://www.transilvaniabusiness.ro/2020/10/13/cum-ajuta-asistentii-virtuali-activitatea-bancilor-experienta-bt-care-a-fost-prima-banca-din-romania-ce-a-lansat-un-chatbot-pentru-clienti/",
    addendum = "accesat: 28.02.2023"
}

@article{sharma2018,
    author = {Sharma, Rakesh},
    title = {Google's Chatbot Analytics Platform Chatbase Launches to Public},
    journal = {Business Standard},
    year = {2018},
    url = "https://www.business-standard.com/article/technology/google-s-chatbot-analytics-platform-chatbase-launches-to-public-118031300494_1.html",
    addendum = "accesat: 5.03.2023"
}

@article{chen_liu_yin_tang_dialogue_2017,
    author = {Hongshen, Chen and Xiaorui, Liu and Dawei, Yin and Jiliang, Tang},
    title = {A Survey on Dialogue Systems:Recent Advances and New Frontiers},
    journal = {ACM SIGKDD Explorations Newsletter},
    volume = {19},
    number = {2},
    pages = {25-35},
    year = {2017},
    publisher = {ACM},
    doi = {10.1145/3166054.3166058}
}

@techreport{mell_grance2011,
    author = {Mell, Peter and Grance, Timothy},
    title = {The NIST Definition of Cloud Computing},
    institution = {National Institute of Standards and Technology},
    year = {2011},
    number = {800-145},
    url = "https://doi.org/10.6028/NIST.SP.800-145"
}

@online{google_dialogflow,
    title = {Dialogflow Documentation},
    year = {2023},
    url = "https://cloud.google.com/dialogflow/docs",
    addendum = "accesat: 5.04.2023"
}

@online{google_cloud_functions,
    title = {Cloud Functions Documentation},
    year = {2023},
    url = "https://cloud.google.com/functions/docs",
    addendum = "accesat: 9.04.2023"
}

@online{google_source_repositories,
    title = {Source Repositories Documentation},
    year = {2023},
    url = "https://cloud.google.com/source-repositories/docs",
    addendum = "accesat: 14.04.2023"
}

@online{google_cloud_storage,
    title = {Cloud Storage Documentation},
    year = {2023},
    url = "https://cloud.google.com/storage/docs",
    addendum = "accesat: 6.04.2023"
}

@online{ibm_watson,
    title = {IBM Watson Documentation},
    year = {2023},
    url = "https://cloud.ibm.com/developer/watson/documentation",
    addendum = "accesat: 12.04.2023"
}

@online{amazon_lex,
    title = {Amazon Lex},
    year = {2023},
    url = "https://docs.aws.amazon.com/lexv2/latest/dg/how-it-works.html",
    addendum = "accesat: 12.04.2023"
}

@online{microsoft_luis,
    title = {Microsoft LUIS},
    year = {2023},
    url = "https://learn.microsoft.com/en-us/azure/cognitive-services/luis/",
    addendum = "accesat: 12.04.2023"
}

@online{dialogflow_client_library,
    title = {Dialogflow API C++ Client},
    year = {2023},
    url = "https://googleapis.dev/cpp/google-cloud-dialogflow_es/latest/index.html",
    addendum = "accesat: 12.02.2023"
}

@online{system-entities,
    title = {Dialogflow System Entities},
    year = {2023},
    url = "https://cloud.google.com/dialogflow/es/docs/reference/system-entities",
    addendum = "accesat: 20.05.2023"
}

@online{poco-docs,
    title = {Poco Documentation},
    year = {2023},
    url = "https://pocoproject.org/documentation.html",
    addendum = "accesat: 19.04.2023"
}

@online{wt-docs,
    title = {WT Documentation},
    year = {2023},
    url = "https://www.webtoolkit.eu/wt/documentation",
    addendum = "accesat: 19.04.2023"
}

@online{cppcms-docs,
    title = {CppCMS Documentation},
    year = {2023},
    url = "http://cppcms.com/cppcms_ref/1.1.0/",
    addendum = "accesat: 19.04.2023"
}

@online{boost-docs,
    title = {Boost Documentation},
    year = {2023},
    url = "https://www.boost.org/doc/",
    addendum = "accesat: 19.04.2023"
}

@misc{github,
  author = {Lucian-Gabriel, Andriță},
  title = {BachelorsDegree},
  year = {2023},
  publisher = {GitHub},
  journal = {GitHub repository},
  howpublished = {\url{https://github.com/AndritaLucianGabriel/BachelorsDegree}}
}

@misc{github,
  author = {Official Microsoft Account},
  title = {vcpkg},
  year = {2023},
  publisher = {GitHub},
  journal = {GitHub repository},
  howpublished = {\url{https://github.com/Microsoft/vcpkg}}
}

@misc{poco,
  author = {Official PocoProject Account},
  title = {poco},
  year = {2023},
  publisher = {GitHub},
  journal = {GitHub repository},
  howpublished = {\url{https://github.com/pocoproject/poco}}
}

@misc{poco,
  author = {Official Google Account},
  title = {google-cloud-cpp},
  year = {2023},
  publisher = {GitHub},
  journal = {GitHub repository},
  howpublished = {\url{https://github.com/googleapis/google-cloud-cpp/tree/main/google/cloud/dialogflow_es/quickstart}}
}

@online{gcloud-cli,
    title = {Install GCloud CLI},
    year = {2023},
    url = "https://cloud.google.com/sdk/docs/install",
    addendum = "accesat: 30.04.2023"
}

@online{keys-create-delete,
    title = {Create IAM Key},
    year = {2023},
    url = "https://cloud.google.com/iam/docs/keys-create-delete",
    addendum = "accesat: 29.04.2023"
}

%% ======================== EXEMPLE =============================
% articol stiintific
@article{hoeffding_inequality,
    author = {Hoeffding, Wassily},
    title = {Probability Inequalities for Sums of Bounded Random Variables},
    journal = {Journal of the American Statistical Association},
    volume = {58},
    number = {301},
    pages = {13-30},
    year = {1963},
    publisher = {Taylor & Francis},
    doi = {10.1080/01621459.1963.10500830}
}

% link cu autor
@online{ml_for_systems_profiling,
    author = "Palkar, Shoumik and Suri, Sahaana and Bailis, Peter and Zaharia, Matei",
    title = "Exploring the Use of Learning Algorithms for Efficient Performance Profiling",
    url = "https://www-cs.stanford.edu/people/matei/papers/2018/mlforsystems_profiling.pdf",
    addendum = "accesat: 21.07.2020"
}

% link fara autor (doar documentatie oficiala)
@online{std_time_instant_docs,
    title = "Documentația pentru \texttt{std::time::Instant}",
    url = "https://doc.rust-lang.org/std/time/struct.Instant.html#underlying-system-calls",
    addendum = "accesat: 03.06.2021"
}

% cont de github
@misc{splay,
  author = {Crichton, Alex},
  title = {splay-rs},
  year = {2016},
  publisher = {GitHub},
  journal = {GitHub repository},
  howpublished = {\url{https://github.com/alexcrichton/splay-rs}},
  commit = {68f928e7b38e89ede9bf99ea384c10f8ceaa89d7}
}